{
    "code": 1,
    "data": {
        "trades": [
            {
                "amount": 19.79,
                "price": 100.92,
                "tid": 1585662041877811201,
                "time": 1512205163878,
                "type": "sell"
            },
            {
                "amount": 16.8,
                "price": 100.92,
                "tid": 1585662043145539585,
                "time": 1512205165090,
                "type": "sell"
            },
            {
                "amount": 24.61,
                "price": 100.92,
                "tid": 1585662043407683585,
                "time": 1512205165343,
                "type": "sell"
            },
            {
                "amount": 13.8,
                "price": 100.92,
                "tid": 1585662044754055169,
                "time": 1512205166627,
                "type": "sell"
            },
            {
                "amount": 28.26,
                "price": 100.92,
                "tid": 1585662050004275201,
                "time": 1512205171633,
                "type": "sell"
            },
            {
                "amount": 10.12,
                "price": 100.92,
                "tid": 1585662051359035393,
                "time": 1512205172925,
                "type": "sell"
            },
            {
                "amount": 22.92,
                "price": 100.92,
                "tid": 1585662052614180865,
                "time": 1512205174117,
                "type": "sell"
            },
            {
                "amount": 13.7,
                "price": 100.92,
                "tid": 1585662053768663041,
                "time": 1512205175227,
                "type": "sell"
            },
            {
                "amount": 2.83,
                "price": 100.92,
                "tid": 1585662055236669441,
                "time": 1512205176619,
                "type": "buy"
            },
            {
                "amount": 13.7,
                "price": 100.92,
                "tid": 1585662055278612481,
                "time": 1512205176657,
                "type": "buy"
            },
            {
                "amount": 10.82,
                "price": 100.92,
                "tid": 1585662058972745729,
                "time": 1512205180181,
                "type": "sell"
            },
            {
                "amount": 28.93,
                "price": 100.92,
                "tid": 1585662060242571265,
                "time": 1512205181392,
                "type": "sell"
            },
            {
                "amount": 13.12,
                "price": 100.93,
                "tid": 1585662066254057473,
                "time": 1512205187126,
                "type": "sell"
            },
            {
                "amount": 15.47,
                "price": 100.93,
                "tid": 1585662067453628417,
                "time": 1512205188275,
                "type": "sell"
            },
            {
                "amount": 28.05,
                "price": 101.15,
                "tid": 1585662068608110593,
                "time": 1512205189372,
                "type": "buy"
            },
            {
                "amount": 16.92,
                "price": 101.15,
                "tid": 1585662069767835649,
                "time": 1512205190476,
                "type": "buy"
            },
            {
                "amount": 20.53,
                "price": 101.15,
                "tid": 1585662070932803585,
                "time": 1512205191593,
                "type": "buy"
            },
            {
                "amount": 11.23,
                "price": 101.15,
                "tid": 1585662072184803329,
                "time": 1512205192790,
                "type": "buy"
            },
            {
                "amount": 16.22,
                "price": 101.16,
                "tid": 1585662073434705921,
                "time": 1512205193984,
                "type": "buy"
            },
            {
                "amount": 10.66,
                "price": 101.16,
                "tid": 1585662073494474753,
                "time": 1512205194032,
                "type": "buy"
            }
        ]
    }
}